<marc:record xmlns:marc="http://www.loc.gov/MARC21/slim" xmlns:xsi="http://www.w3.org/2001/XMLSchema-instance" xsi:schemaLocation="http://www.loc.gov/MARC21/slim http://www.loc.gov/standards/marcxml/schema/MARC21slim.xsd">
  <marc:leader>     nam a22002290  4500</marc:leader>
  <marc:controlfield tag="001">002739439</marc:controlfield>
  <marc:controlfield tag="003">NNU</marc:controlfield>
  <marc:controlfield tag="005">19940713181853.0</marc:controlfield>
  <marc:controlfield tag="008">860129s1939    ua            000 0 ara d</marc:controlfield>
  <marc:datafield tag="035" ind1="9" ind2=" ">
    <marc:subfield code="a">NYUb10438151</marc:subfield>
  </marc:datafield>
  <marc:datafield tag="035" ind1=" " ind2=" ">
    <marc:subfield code="a">GLIS004381513</marc:subfield>
  </marc:datafield>
  <marc:datafield tag="035" ind1=" " ind2=" ">
    <marc:subfield code="a">(CStRLIN)NYUG86-B3054</marc:subfield>
  </marc:datafield>
  <marc:datafield tag="040" ind1=" " ind2=" ">
    <marc:subfield code="a">NjP</marc:subfield>
    <marc:subfield code="c">NjP</marc:subfield>
  </marc:datafield>
  <marc:datafield tag="090" ind1=" " ind2=" ">
    <marc:subfield code="i">01/29/86 CT</marc:subfield>
  </marc:datafield>
  <marc:datafield tag="100" ind1="0" ind2=" ">
    <marc:subfield code="a">Suyūṭī,</marc:subfield>
    <marc:subfield code="d">1445-1505.</marc:subfield>
  </marc:datafield>
  <marc:datafield tag="245" ind1="1" ind2="0">
    <marc:subfield code="a">Sharḥ ʻuqūd al-jumān fī ʻilm al-maʻānī wa-al-bayān /</marc:subfield>
    <marc:subfield code="b">taʼlīf Jalāl al-Dīn ʻAbd al-Raḥmān al-Suyūṭī. Wa-bi-hāmishihi Ḥilyat al-lubb al-maṣūn ʻalá al-Jawhar al-maknūn /</marc:subfield>
    <marc:subfield code="c">li-Aḥmad al-Damanhūrī.</marc:subfield>
  </marc:datafield>
  <marc:datafield tag="260" ind1=" " ind2=" ">
    <marc:subfield code="a">Miṣr :</marc:subfield>
    <marc:subfield code="b">Maṫbaʻat Muṣṭafá al-Bābī al-Ḥalabī wa-awladih,</marc:subfield>
    <marc:subfield code="c">1939.</marc:subfield>
  </marc:datafield>
  <marc:datafield tag="300" ind1=" " ind2=" ">
    <marc:subfield code="a">180 p. ;</marc:subfield>
    <marc:subfield code="c">29 cm.</marc:subfield>
  </marc:datafield>
  <marc:datafield tag="600" ind1="1" ind2="0">
    <marc:subfield code="a">Akhḍarī, ʻAbd al-Raḥmān ibn Muḥammad,</marc:subfield>
    <marc:subfield code="d">1512 or 13-1575 or 6.</marc:subfield>
    <marc:subfield code="t">Jawhar al-maknūn.</marc:subfield>
  </marc:datafield>
  <marc:datafield tag="650" ind1=" " ind2="0">
    <marc:subfield code="a">Rhetoric, Medieval</marc:subfield>
    <marc:subfield code="v">Early works to 1800.</marc:subfield>
  </marc:datafield>
  <marc:datafield tag="700" ind1="1" ind2="2">
    <marc:subfield code="a">Damanhūrī, Aḥmad ibn ʻAbd al-Munʻim</marc:subfield>
    <marc:subfield code="t">Hilyat al-lubb al-maṣūn.</marc:subfield>
    <marc:subfield code="f">1939.</marc:subfield>
  </marc:datafield>
  <marc:datafield tag="950" ind1=" " ind2=" ">
    <marc:subfield code="l">BMAIN</marc:subfield>
    <marc:subfield code="a">PJ6161</marc:subfield>
    <marc:subfield code="b">.A353 1939</marc:subfield>
    <marc:subfield code="i">01/29/86 C</marc:subfield>
  </marc:datafield>
  <marc:datafield tag="955" ind1=" " ind2=" ">
    <marc:subfield code="l">BMAIN</marc:subfield>
    <marc:subfield code="c">1</marc:subfield>
    <marc:subfield code="r">011634758</marc:subfield>
    <marc:subfield code="i">01/29/86 C</marc:subfield>
  </marc:datafield>
</marc:record>
